<?xml version='1.0' encoding='utf-8'?>
<record xmlns="http://www.loc.gov/MARC21/slim" xmlns:xsi="http://www.w3.org/2001/XMLSchema-instance">
  <leader>^^^^^njm^a2200325^a^4500</leader>
  <controlfield tag="001">003591551</controlfield>
  <controlfield tag="005">20020312000000.0</controlfield>
  <controlfield tag="007">sd^fungnn----d</controlfield>
  <controlfield tag="008">020311s1996^^^^miufmn^^^^^^^^^^^^^^eng^d</controlfield>
  <datafield tag="035" ind1=" " ind2=" ">
    <subfield code="a">(OCoLC)ocm49261958</subfield>
  </datafield>
  <datafield tag="040" ind1=" " ind2=" ">
    <subfield code="a">BEU</subfield>
    <subfield code="c">BEU</subfield>
  </datafield>
  <datafield tag="245" ind1="0" ind2="0">
    <subfield code="a">Beaver Island house party</subfield>
    <subfield code="h">[sound recording].</subfield>
  </datafield>
  <datafield tag="260" ind1=" " ind2=" ">
    <subfield code="a">[East Lansing, Mich.] :</subfield>
    <subfield code="b">Michigan State University Museum ;</subfield>
    <subfield code="b">Beaver Island Historical Society,</subfield>
    <subfield code="c">p1996.</subfield>
  </datafield>
  <datafield tag="300" ind1=" " ind2=" ">
    <subfield code="a">1 sound disc :</subfield>
    <subfield code="b">digital ;</subfield>
    <subfield code="c">4 3/4 in.</subfield>
  </datafield>
  <datafield tag="500" ind1=" " ind2=" ">
    <subfield code="a">Recorded in 1938 (tracks 14, 16, 18, 20-23) by Ivan Walton and Alan Lomax, 1952 and 1960 (tracks 12-13, 19) by Ivan Walton, 1990-1994 (tracks 1-11, 15, 17, 24) by Laurie Kay Sommers.</subfield>
  </datafield>
  <datafield tag="500" ind1=" " ind2=" ">
    <subfield code="a">Compact disc.</subfield>
  </datafield>
  <datafield tag="500" ind1=" " ind2=" ">
    <subfield code="a">Accompanies: Sommers, Laurie Kay. Beaver Island house party. East Lansing, Mich. : Michigan State University Press, 1996. 86 p. : ill. ; 28 cm.</subfield>
  </datafield>
  <datafield tag="505" ind1="0" ind2=" ">
    <subfield code="a">When the beavers was Irish (Barry Pischner, Rich Scripps) -- Hail to the beavers (Edward Palmer, Danny Gillespie, Scripps) -- Golden jubilee (Cindy Gillespie Brown, Gillespie) -- I'll be all smiles tonight (Palmer, Scripps) -- Buffalo girls (Palmer, Scripps) -- Raymond (Pischner, Scripps) -- Over the waves (Palmer, Scripps) -- Up jumped the devil (Palmer) -- Enoch Hill (Brown, Gillespie) -- The big Bradley (Pischner, Scripps) -- Rainbow at midnight (Palmer, Scripps) -- Arkansas traveler (Patrick Bonner) -- Gravel walk (Bonner) -- Gallagher boys (Johnny Green) -- Lost on Lake Michigan (Pischner) -- The fatal wedding (Ellen Pischner) -- Mother queen of my heart (Barry Pischner) -- Skibbereen (Mike O'Donnell) -- Jack Haggarty's Flat River girl (Bonner) -- Callahan's reel (Bonner) -- Black and tar on stick/Up and down the broom (Bonner) -- Roll her to the wall (Dominick Gallagher) -- Drowsy Maggie (Bonner) -- Town of St. James (Gillespie, Scripps)</subfield>
  </datafield>
  <datafield tag="650" ind1=" " ind2="0">
    <subfield code="a">Folk music</subfield>
    <subfield code="z">Michigan</subfield>
    <subfield code="z">Beaver Island.</subfield>
  </datafield>
  <datafield tag="650" ind1=" " ind2="0">
    <subfield code="a">Irish Americans</subfield>
    <subfield code="z">Michigan</subfield>
    <subfield code="z">Beaver Island</subfield>
    <subfield code="v">Music.</subfield>
  </datafield>
  <datafield tag="651" ind1=" " ind2="0">
    <subfield code="a">Beaver Island (Mich.)</subfield>
    <subfield code="v">Songs and music.</subfield>
  </datafield>
  <datafield tag="700" ind1="1" ind2=" ">
    <subfield code="a">Walton, Ivan.</subfield>
  </datafield>
  <datafield tag="700" ind1="1" ind2=" ">
    <subfield code="a">Lomax, Alan,</subfield>
    <subfield code="d">1915-2002.</subfield>
  </datafield>
  <datafield tag="700" ind1="1" ind2=" ">
    <subfield code="a">Sommers, Laurie Kay.</subfield>
  </datafield>
  <datafield tag="710" ind1="2" ind2=" ">
    <subfield code="a">Michigan State University.</subfield>
    <subfield code="b">Museum.</subfield>
  </datafield>
  <datafield tag="710" ind1="2" ind2=" ">
    <subfield code="a">Beaver Island Historical Society.</subfield>
  </datafield>
  <datafield tag="852" ind1="8" ind2=" ">
    <subfield code="a">MiU-H</subfield>
    <subfield code="b">BENT</subfield>
    <subfield code="h">0233 Aa 2</subfield>
  </datafield>
  <datafield tag="998" ind1=" " ind2=" ">
    <subfield code="c">LAC</subfield>
  </datafield>
  <datafield tag="955" ind1=" " ind2=" ">
    <subfield code="b">BENT</subfield>
    <subfield code="p">B1446250</subfield>
  </datafield>
</record>
